<collection xmlns="http://www.loc.gov/MARC21/slim">
<record>
  <leader>01379nam0a2200265 i 450 </leader>
  <controlfield tag="001">IT\ICCU\CNCE\059262</controlfield>
  <controlfield tag="005">20101230000000.0</controlfield>
  <datafield tag="012" ind1=" " ind2=" ">
    <subfield code="a">b:s. era- hois recu (3) 1570 (R)</subfield>
    <subfield code="2">fei</subfield>
  </datafield>
  <datafield tag="100" ind1=" " ind2=" ">
    <subfield code="a">20040927d1570        0itac0103    ba</subfield>
  </datafield>
  <datafield tag="101" ind1=" " ind2=" ">
    <subfield code="a">LAT</subfield>
  </datafield>
  <datafield tag="102" ind1=" " ind2=" ">
    <subfield code="a">IT</subfield>
  </datafield>
  <datafield tag="200" ind1="1" ind2=" ">
    <subfield code="a">Statuta almae Vniuersitatis d. artistarum et medicorum Patauini gymnasii. Denuo correcta, &amp; emendata. Existente rectore mag. d. Aloysio Scloppo Veron. i.v. doc. philosopho et equite</subfield>
  </datafield>
  <datafield tag="210" ind1=" " ind2=" ">
    <subfield code="a">Patauii</subfield>
    <subfield code="c">apud Inocentium Vlmum</subfield>
    <subfield code="d">1570</subfield>
  </datafield>
  <datafield tag="215" ind1=" " ind2=" ">
    <subfield code="a">60 c.</subfield>
    <subfield code="d">4ʻ</subfield>
  </datafield>
  <datafield tag="620" ind1=" " ind2=" ">
    <subfield code="a">IT</subfield>
    <subfield code="d">Padova</subfield>
  </datafield>
  <datafield tag="710" ind1="0" ind2="2">
    <subfield code="a">Universit ̉degli artisti</subfield>
    <subfield code="c"> &lt;Padova&gt;</subfield>
    <subfield code="3">9626</subfield>
  </datafield>
  <datafield tag="712" ind1="0" ind2="0">
    <subfield code="a">Olmo, Innocenzo</subfield>
    <subfield code="3">IT\ICCU\CNCT\001864</subfield>
    <subfield code="4">650</subfield>
  </datafield>
  <datafield tag="791" ind1="0" ind2="2">
    <subfield code="a">Universitas artistarum et medicorum Patavini Gymnasii</subfield>
    <subfield code="3">25382</subfield>
    <subfield code="z">Universit ̉degli artisti &lt;Padova&gt;</subfield>
  </datafield>
  <datafield tag="791" ind1="0" ind2="0">
    <subfield code="a">Olmus, Innocentius</subfield>
    <subfield code="3">IT\ICCU\CNCT\005156</subfield>
    <subfield code="z">Olmo, Innocenzo</subfield>
  </datafield>
  <datafield tag="791" ind1="0" ind2="0">
    <subfield code="a">Olmo, Innocente</subfield>
    <subfield code="3">IT\ICCU\CNCT\005157</subfield>
    <subfield code="z">Olmo, Innocenzo</subfield>
  </datafield>
  <datafield tag="801" ind1=" " ind2="3">
    <subfield code="a">IT</subfield>
    <subfield code="b">ICCU</subfield>
    <subfield code="c">20201115</subfield>
  </datafield>
  <datafield tag="899" ind1=" " ind2=" ">
    <subfield code="a">Biblioteca civica A. Mai. Bergamo</subfield>
    <subfield code="1">BG0026</subfield>
    <subfield code="2">LO1 02</subfield>
  </datafield>
  <datafield tag="899" ind1=" " ind2=" ">
    <subfield code="a">Biblioteca del Dipartimento di storia dell&apos;Universit ̉degli Studi di Padova. Padova</subfield>
    <subfield code="1">PD0328</subfield>
    <subfield code="2">PUV 04</subfield>
  </datafield>
  <datafield tag="911" ind1=" " ind2=" ">
    <subfield code="a">Sul front.</subfield>
    <subfield code="9">IT\ICCU\CNCM\000497</subfield>
  </datafield>
  <datafield tag="921" ind1=" " ind2=" ">
    <subfield code="a">IT\ICCU\CNCM\000497</subfield>
    <subfield code="b">Due mani reggono un&apos;ancora che termina con un bastone a T sul quale si avvolge un serpente.</subfield>
    <subfield code="c">A145</subfield>
    <subfield code="c">V146</subfield>
    <subfield code="c">Z1038</subfield>
    <subfield code="d">Dimensioni: 3,3 x 3,5</subfield>
    <subfield code="f">ANCORA</subfield>
    <subfield code="f">MANI</subfield>
    <subfield code="f">SERPENTE</subfield>
    <subfield code="g">1558-1573</subfield>
  </datafield>
</record>
</collection>
